
@book{rose_cucumber_2015,
	location = {Dallas, Texas},
	title = {The cucumber for Java book: behaviour-driven development for testers and developers},
	isbn = {978-1-941222-29-4},
	series = {The pragmatic programmers},
	shorttitle = {The cucumber for Java book},
	pagetotal = {314},
	publisher = {The Pragmatic Bookshelf},
	author = {Rose, Seb and Wynne, Matt and Helles√∏y, Aslak},
	date = {2015},
	note = {{OCLC}: ocn904458283},
	keywords = {Computer software, Development, Java (Computer program language)}
}

@misc{noauthor_googleguice_nodate,
	title = {google/guice},
	url = {https://github.com/google/guice},
	abstract = {Guice (pronounced 'juice') is a lightweight dependency injection framework for Java 6 and above, brought to you by Google. - google/guice},
	language = {en},
	urldate = {2020-03-16},
	journal = {GitHub},
	note = {Library Catalog: github.com},
	file = {Snapshot:C\:\\Users\\Matthias\\Zotero\\storage\\H62JHEU3\\JSR330.html:text/html}
}

@misc{fowler_bliki_2005,
	title = {bliki: {InversionOfControl}},
	shorttitle = {bliki},
	url = {https://martinfowler.com/bliki/InversionOfControl.html},
	abstract = {a bliki entry for InversionOfControl},
	urldate = {2020-03-16},
	journal = {martinfowler.com},
	author = {Fowler, Martin},
	month = jun,
	year = {2005},
	note = {Library Catalog: www.martinfowler.com},
	file = {Snapshot:C\:\\Users\\Matthias\\Zotero\\storage\\VZDDEAP6\\InversionOfControl.html:text/html}
}

@misc{fowler_inversion_2004,
	title = {Inversion of {Control} {Containers} and the {Dependency} {Injection} pattern},
	url = {https://martinfowler.com/articles/injection.html},
	abstract = {Explaining the Dependency Injection pattern, by contrasting it with Service Locator. The choice between them is less important than the principle of separating configuration from use.},
	urldate = {2020-03-16},
	journal = {martinfowler.com},
	author = {Fowler, Martin},
	month = jan,
	year = {2004},
	note = {Library Catalog: www.martinfowler.com},
	file = {Snapshot:C\:\\Users\\Matthias\\Zotero\\storage\\AY84JJF8\\injection.html:text/html}
}